<?xml version="1.0" encoding="UTF-8"?><record xmlns="http://www.loc.gov/MARC21/slim" xmlns:cinclude="http://apache.org/cocoon/include/1.0" xmlns:zs="http://www.loc.gov/zing/srw/">
  <leader>00902nz  a2200205n  4500</leader>
  <controlfield tag="001">no 00096337 </controlfield>
  <controlfield tag="003">DLC</controlfield>
  <controlfield tag="005">20001129074011.0</controlfield>
  <controlfield tag="008">001128n| acannaab           |a ana     c</controlfield>
  <datafield tag="010" ind1=" " ind2=" ">
    <subfield code="a">no 00096337 </subfield>
  </datafield>
  <datafield tag="035" ind1=" " ind2=" ">
    <subfield code="a">(OCoLC)oca05364096</subfield>
  </datafield>
  <datafield tag="040" ind1=" " ind2=" ">
    <subfield code="a">PPi-MA</subfield>
    <subfield code="b">eng</subfield>
    <subfield code="c">PPi-MA</subfield>
  </datafield>
  <datafield tag="130" ind1=" " ind2="0">
    <subfield code="a">Chopsticks (Children's tune)</subfield>
  </datafield>
  <datafield tag="430" ind1=" " ind2="0">
    <subfield code="a">Celebrated chop waltz</subfield>
  </datafield>
  <datafield tag="430" ind1=" " ind2="0">
    <subfield code="a">CoĚtelettes</subfield>
  </datafield>
  <datafield tag="430" ind1=" " ind2="0">
    <subfield code="a">Koteletten Walzer</subfield>
  </datafield>
  <datafield tag="670" ind1=" " ind2=" ">
    <subfield code="a">Paraphrases, 1959</subfield>
    <subfield code="b">(title not given)</subfield>
  </datafield>
  <datafield tag="670" ind1=" " ind2=" ">
    <subfield code="a">Fuld, J.J. Book of world-famous music, 4th ed.</subfield>
    <subfield code="b">(Chopsticks; deposited Feb. 3, 1877 at British Museum under the title The celebrated chop waltz, arranged as a duet &amp; solo for the pianoforte by Arthur de Lulli)</subfield>
  </datafield>
  <datafield tag="670" ind1=" " ind2=" ">
    <subfield code="a">Oxford dict. of music, 2nd ed.</subfield>
    <subfield code="b">(Chopsticks; anonymous quick waltz tune for piano, first published London, 1877, as "the celebrated chop waltz")</subfield>
  </datafield>
  <datafield tag="670" ind1=" " ind2=" ">
    <subfield code="a">LCCN m60-154</subfield>
    <subfield code="b">(hdg.: Chopsticks (Children's tune))</subfield>
  </datafield>
</record>